<?xml version="1.0" encoding="UTF-8"?>
<collection xmlns="http://www.loc.gov/MARC21/slim" xmlns:xsi="http://www.w3.org/2001/XMLSchema-instance" xsi:schemaLocation="http://www.loc.gov/MARC21/slim http://www.loc.gov/standards/marcxml/schema/MARC21slim.xsd">
  <record xmlns="http://www.loc.gov/MARC21/slim">
    <leader>01830nam  22004573i 4500</leader>
    <controlfield tag="005">20120913115845.0</controlfield>
    <controlfield tag="006">m        d        </controlfield>
    <controlfield tag="007">cr||n|||||||||</controlfield>
    <controlfield tag="008">111209s2012    caua    ob    001 0 eng d</controlfield>
    <controlfield tag="001">991036843319303811</controlfield>
    <datafield ind1=" " ind2=" " tag="020">
      <subfield code="a">9781598848953 (pbk. : acid-free paper)</subfield>
    </datafield>
    <datafield ind1=" " ind2=" " tag="020">
      <subfield code="a">9781598848960 (ebook)</subfield>
    </datafield>
    <datafield ind1=" " ind2=" " tag="020">
      <subfield code="a">9781280569074 (MyiLibrary)</subfield>
    </datafield>
    <datafield ind1=" " ind2=" " tag="020">
      <subfield code="a">1280569077</subfield>
    </datafield>
    <datafield ind1=" " ind2=" " tag="020">
      <subfield code="a">9781280569074</subfield>
    </datafield>
    <datafield ind1=" " ind2=" " tag="035">
      <subfield code="a">(OCoLC)0781627186</subfield>
    </datafield>
    <datafield ind1=" " ind2=" " tag="035">
      <subfield code="a">(CaONFJC)cis23965259</subfield>
    </datafield>
    <datafield ind1=" " ind2=" " tag="037">
      <subfield code="a">359867</subfield>
      <subfield code="b">MIL</subfield>
    </datafield>
    <datafield ind1=" " ind2=" " tag="040">
      <subfield code="a">CaONFJC</subfield>
      <subfield code="c">CaONFJC</subfield>
    </datafield>
    <datafield ind1=" " ind2=" " tag="043">
      <subfield code="a">n-us---</subfield>
    </datafield>
    <datafield ind1="0" ind2="4" tag="050">
      <subfield code="a">Z716.33</subfield>
      <subfield code="b">.W53 2012eb</subfield>
    </datafield>
    <datafield ind1="0" ind2="4" tag="082">
      <subfield code="a">025.5</subfield>
      <subfield code="2">23</subfield>
    </datafield>
    <datafield ind1=" " ind2=" " tag="084">
      <subfield code="a">LAN025000</subfield>
      <subfield code="a">LAN020000</subfield>
      <subfield code="2">bisacsh</subfield>
    </datafield>
    <datafield ind1="1" ind2=" " tag="100">
      <subfield code="a">Wichman, Emily T.</subfield>
    </datafield>
    <datafield ind1="1" ind2="0" tag="245">
      <subfield code="a">Librarian's guide to passive programming</subfield>
      <subfield code="h">[electronic resource] :</subfield>
      <subfield code="b">easy and affordable activities for all ages /</subfield>
      <subfield code="c">Emily T. Wichman.</subfield>
    </datafield>
    <datafield ind1=" " ind2=" " tag="260">
      <subfield code="a">Santa Barbara, California :</subfield>
      <subfield code="b">Libraries Unlimited, An imprint of ABC-CLIO, LLC,</subfield>
      <subfield code="c">[2012]</subfield>
    </datafield>
    <datafield ind1=" " ind2=" " tag="300">
      <subfield code="a">1 online resource (xvii, 152 pages) :</subfield>
      <subfield code="b">illustrations</subfield>
    </datafield>
    <datafield ind1=" " ind2=" " tag="336">
      <subfield code="a">text</subfield>
      <subfield code="b">txt</subfield>
      <subfield code="2">rdacontent</subfield>
    </datafield>
    <datafield ind1=" " ind2=" " tag="337">
      <subfield code="a">computer</subfield>
      <subfield code="b">c</subfield>
      <subfield code="2">rdamedia</subfield>
    </datafield>
    <datafield ind1=" " ind2=" " tag="338">
      <subfield code="a">online resource</subfield>
      <subfield code="b">cr</subfield>
      <subfield code="2">rdacarrier</subfield>
    </datafield>
    <datafield ind1=" " ind2=" " tag="504">
      <subfield code="a">Includes bibliographical references and index.</subfield>
    </datafield>
    <datafield ind1=" " ind2=" " tag="588">
      <subfield code="a">Description based on print version record.</subfield>
    </datafield>
    <datafield ind1=" " ind2="0" tag="650">
      <subfield code="a">Libraries</subfield>
      <subfield code="x">Activity programs</subfield>
      <subfield code="z">United States.</subfield>
    </datafield>
    <datafield ind1=" " ind2="7" tag="655">
      <subfield code="a">Electronic books.</subfield>
      <subfield code="2">local</subfield>
    </datafield>
    <datafield ind1="2" ind2=" " tag="710">
      <subfield code="a">MyiLibrary.</subfield>
    </datafield>
    <datafield ind1="4" ind2="0" tag="856">
      <subfield code="u">http://libproxy.temple.edu/login?url=http://lib.myilibrary.com/detail.asp?id=359867</subfield>
      <subfield code="z">Connect to MyiLibrary resource.</subfield>
    </datafield>
    <datafield ind1="4" ind2=" " tag="856">
      <subfield code="z">Many ebooks permit only one user at a time.  Please click here to visit our Research Guide for more information.</subfield>
      <subfield code="u">http://guides.temple.edu/ebooks</subfield>
    </datafield>
    <datafield ind1=" " ind2=" " tag="960">
      <subfield code="k">MAIN</subfield>
      <subfield code="g">E_BOOK</subfield>
      <subfield code="l">web</subfield>
      <subfield code="o">1</subfield>
      <subfield code="q">110917</subfield>
      <subfield code="s">43.74</subfield>
      <subfield code="u">1qcif</subfield>
      <subfield code="v">coutt</subfield>
    </datafield>
    <datafield ind1=" " ind2=" " tag="961">
      <subfield code="f">acqrat</subfield>
      <subfield code="h">MIL1</subfield>
      <subfield code="i">23965259</subfield>
    </datafield>
    <datafield ind1=" " ind2=" " tag="979">
      <subfield code="a">cis23965259</subfield>
    </datafield>
    <datafield ind1=" " ind2=" " tag="ADM">
      <subfield code="b">2017-11-13 12:41:36</subfield>
      <subfield code="e">cis23965259</subfield>
      <subfield code="d">COUTTS</subfield>
      <subfield code="f">20120913115845.0</subfield>
      <subfield code="a">2017-11-09 20:18:27</subfield>
      <subfield code="c">false</subfield>
    </datafield>
    <datafield ind1=" " ind2=" " tag="PRT">
      <subfield code="i">61398469990003811</subfield>
      <subfield code="d">MAIN</subfield>
      <subfield code="c">MyiLibrary</subfield>
      <subfield code="j">62398469980003811</subfield>
      <subfield code="a">53402346110003811</subfield>
      <subfield code="b">https://sandbox01-na.alma.exlibrisgroup.com/view/uresolver/01TULI_INST/openurl?u.ignore_date_coverage=true&amp;rft.mms_id=991036843319303811</subfield>
      <subfield code="9">Available</subfield>
      <subfield code="8">53402346110003811</subfield>
    </datafield>
  </record>